@online{web:codebee,
  author = {CodeBee},
  title  = {MVC คืออะไร ทำความเข้าใจรูปแบบการเขียนโปรแกรม},
  year   = {2016},
  url    = {https://www.codebee.co.th/labs/mvc-คืออะไร-ทำความเข้าใจรู/},
  note   = {เข้าชมล่าสุดเมื่อ: 2 ตุลาคม 2566}
}

@online{web:RESTful,
  author = {Amazon Web Services (AWS)},
  title  = {RESTful API คืออะไร},
  year   = {2023},
  url    = {https://aws.amazon.com/th/what-is/restful-api/},
  note   = {เข้าชมล่าสุดเมื่อ: 2 ตุลาคม 2566}
}

@online{web:database,
  author = {mindphp.com},
  title  = {Database คืออะไร ระบบฐานข้อมูล คือ การเก็บรวบรวมข้อมูลไว้ด้วยกัน อย่างมีระบบ},
  year   = {2022},
  url    = {https://www.mindphp.com/คู่มือ/73-คืออะไร/2055-database-คืออะไร23.html},
  note   = {เข้าชมล่าสุดเมื่อ: 2 ตุลาคม 2566}
}

@online{web:html,
  author = {mindphp.com},
  title  = {HTML คืออะไร เอชทีเอ็มแอล ภาษาคอมพิวเตอร์ที่ใช้ในการสร้างเว็บเพจ ใช้เขียนโปรแกรม ย่อมาจากอะไร},
  year   = {2022},
  url    = {https://www.mindphp.com/คู่มือ/73-คืออะไร/2026-html-คืออะไร.html},
  note   = {เข้าชมล่าสุดเมื่อ: 2 ตุลาคม 2566}
}

@online{web:css,
  author = {wynnsoft-solution},
  title  = {CSS คืออะไร ? มีประโยชน์อย่างไรบ้าง},
  year   = {2016},
  url    = {https://www.wynnsoft-solution.net/th/article/view/80/},
  note   = {เข้าชมล่าสุดเมื่อ: 3 ตุลาคม 2566}
}

@online{web:typescript,
  author = {Somprasong Damyos},
  title  = {TypeScript คืออะไร},
  year   = {2022},
  url    = {https://il.mahidol.ac.th/th/i-learning-clinic/computer-articles/ทำไมถึงต้องใช้-typescript-ทั้งที/},
  note   = {เข้าชมล่าสุดเมื่อ: 3 ตุลาคม 2566}
}

@online{web:mantine,
  author = {Vitaly Rtishchev},
  title  = {Mantine UI},
  year   = {2023},
  url    = {https://mantine.dev/},
  note   = {เข้าชมล่าสุดเมื่อ: 3 กรกฎาคม 2566}
}

@online{web:nextjs,
  author = {Frevation Co., Ltd.},
  title  = {Next.js},
  year   = {2021},
  url    = {https://www.frevation.com/blog/web-development/next-js/},
  note   = {เข้าชมล่าสุดเมื่อ: 3 ตุลาคม 2566}
}

@online{web:mysql,
  author = {openlandscape},
  title  = {MySQL คือ อะไร ? โปรแกรมจัดการฐานข้อมูล Open Source ยอดนิยม !},
  year   = {2023},
  url    = {https://blog.openlandscape.cloud/mysql},
  note   = {เข้าชมล่าสุดเมื่อ: 3 ตุลาคม 2566}
}

@online{web:json,
  author = {DH Team},
  title  = {JSON คืออะไร? พร้อมวิธีการใช้งาน},
  year   = {2023},
  url    = {https://devhub.in.th/blog/what-is-json},
  note   = {เข้าชมล่าสุดเมื่อ: 3 ตุลาคม 2566}
}

@online{web:reactjs,
  author = {React Documentation},
  title  = {React - A JavaScript library for building user interfaces},
  year   = {2023},
  url    = {https://reactjs.org/},
  note   = {เข้าชมล่าสุดเมื่อ: 3 ตุลาคม 2566}
}

@online{web:postgresql,
  author = {https://appmaster.io/th/blog/postgresql-khuue-aair},
  title  = {PostgreSQL คืออะไร},
  year   = {2022},
  url    = {https://appmaster.io/th/blog/postgresql-khuue-aair},
  note   = {เข้าชมล่าสุดเมื่อ: 3 ตุลาคม 2566}
}

@online{web:prisma,
  author = {Prisma},
  title  = {Prisma | Next-generation ORM for Node.js and TypeScript},
  year   = {2023},
  url    = {https://www.prisma.io/},
  note   = {เข้าชมล่าสุดเมื่อ: 3 ตุลาคม 2566}
}
